@Manual{R,
  title = {R: A Language and Environment for Statistical Computing},
  author = {{R Core Team}},
  organization = {R Foundation for Statistical Computing},
  address = {Vienna, Austria},
  year = {2022},
  url = {https://www.R-project.org/},
}

@Manual{RStudio,
  title = {RStudio: Integrated Development Environment for R},
  author = {{RStudio Team}},
  organization = {RStudio, PBC.},
  address = {Boston, MA},
  year = {2020},
  url = {http://www.rstudio.com/},
}

@Manual{AtomEditor,
  title = {Atom: A hackable text editor for the 21st Century},
  author = {GitHub},
  year = {2022},
  note = {Version 1.60.0 x64},
  url = {https://atom.io/}
}