
@article{gufuExperimentalEvidenceThat2019,
  title = {Experimental Evidence That {{CO2}} and Nutrient Enrichment Do Not Mediate Interactions between a Native and an Exotic Free-Floating Macrophyte},
  author = {Gufu, Guyo Duba and Manea, Anthony and Leishman, Michelle R.},
  year = {2019},
  month = dec,
  journal = {Hydrobiologia},
  volume = {846},
  number = {1},
  pages = {75--85},
  issn = {0018-8158, 1573-5117},
  doi = {10.1007/s10750-019-04053-8},
  langid = {english}
}

@article{gufuGrowthReproductionFunctional2019,
  title = {Growth, Reproduction and Functional Trait Responses of Three Freshwater Plant Species to Elevated Carbon Dioxide},
  author = {Gufu, Guyo D. and Manea, Anthony and Leishman, Michelle R.},
  year = {2019},
  month = mar,
  journal = {Aquatic Botany},
  volume = {154},
  pages = {18--23},
  issn = {03043770},
  doi = {10.1016/j.aquabot.2018.12.006},
  langid = {english}
}

@article{hashemloianAlienExoticAzolla2009,
  title = {Alien and Exotic {{Azolla}} in Northern {{Iran}}},
  author = {Hashemloian, Babak Delnavaz and Azimi, Azra Ataei},
  year = {2009},
  journal = {African Journal of Biotechnology},
  volume = {8},
  number = {2},
  pages = {187--190},
  langid = {english}
}

@article{sadeghiReviewEcologicalFactors2013,
  title = {A Review of Some Ecological Factors Affecting the Growth of {{Azolla}} Spp.},
  author = {Sadeghi, R. and Zarkami, R. and Sabetraftar, K. and Van Damme, P.},
  year = {2013},
  journal = {Caspian Journal of Environmental Sciences},
  issn = {1735-3033},
  langid = {english}
}
